
 @book{RT1,
 author = {Jan Lunze},
 title = {Regelungstechnik 1},
 year = {2016},
 edition = {11. Auflage},
 publisher = {Springer Vieweg}
 }
 @book{RT2,
 author = {Jan Lunze},
 title = {Regelungstechnik 2},
 year = {2016},
 edition = {11. Auflage},
 publisher = {Springer Vieweg}
 }
 @book{AT,
 author = {Jan Lunze},
 title = {Automatisierungstechnik},
 year = {2016},
 edition = {11. Auflage},
 publisher = {Springer Vieweg}
 }
 @book{EDS,
 author = {Jan Lunze},
 title = {Ereignisdiskrete Systeme},
 year = {2016},
 edition = {11. Auflage},
 publisher = {Springer Vieweg}
 }
 @book{SRT,
 author = {Markus Rüther},
 title = {Skript: Regelungstechnik},
 year = {2017}
 }
 @book{DyKrFa,
 author = {Manfred Mitschke and Henning Wallentowitz},
 title = {Dynamik der Kraftfahrzeuge},
 year = {2014},
 edition = {5. Auflage},
 publisher = {Springer Vieweg}
 }
 @book{Einspur,
 author = {Riekert and Schnuck},
 title = {Zur Fahrdynamik des gummibereiften Kraftfahrzeuges},
 year = {1940},
 edition = {11. Auflage},
 publisher = {Ingenieur-Archiv}
 }
 @book{FaDyRe,
 author = {Rolf Isermann},
 title = {Fahrdynamik-Regelung},
 year = {2006},
 edition = {11. Auflage},
 publisher = {Springer Vieweg}
 }
 @article{WegAuto,
 author = {{TE Connectivity Germany GmbH}},
 title = {Der Weg zum Autonomen Fahren},
 year = {2017}
 }
 @mastersthesis{MAQuer,
  author = {Albrecht Arndt},
  title = {Querregelung eines spurgeführten Modellfahrzeugs},
  year = {2015},
  school = {Hochschule für Technik Berlin},
  type = {Masterarbeit}
 }
 @mastersthesis{Julius,
  author = {Julius Lich},
  title = {Autonomes Fahren auf Basis von Fahrspurerkennung durch Kameradaten},
  year = {2018},
  school = {Fachhochschule Münster},
  type = {Bachelorarbeit}
 }
 @mastersthesis{BAQuer,
  author = {Fabian Freihube},
  title = {Entwurf und Realisierung autonomer Fahrfunktionen in Modellfahrzeugen},
  year = {2016},
  school = {HTWK Leipzig},
  type = {Bachelorarbeit}
 }

 @book{TBRT,
  author = {Lutz and Wendt},
  title = {Taschenbuch der Regelungstechnik},
  year = {2012},
  edition = {9. Auflage},
  publisher = {Verlag Harri Deutsch}
 }

 @book{TBET,
  author = {Kories and Schmidt-Walter},
  title = {Taschenbuch der Elektrotechnik},
  year = {2017},
  edition = {11. Auflage},
  publisher = {Europa Lehrmittel}
 }
 @misc{RPI3,
  author = {{Raspberry Pi Foundation}},
  title = {Rasberry Pi},
  howpublished = "\url{https://www.raspberrypi.org/}",
  note = "[Online; Zugriff am 25.05.2018]"
 }
 @misc{UDACITY,
  author = {{Geogia Tech}},
  title = {Artificial Intelligence for Robotics},
  howpublished = "\url{https://de.udacity.com/course/artificial-intelligence-for-robotics--cs373}",
  note = "[Online; Zugriff am 11.06.2018]"
 }
 @misc{RTZD,
  author = {Michael Dlabka},
  title = {Zeitdiskrete Regelsysteme},
  howpublished = "\url{http://www.control.tu-berlin.de/images/2/2e/Kap6_A_07.pdf}",
  note = "[Online; Zugriff am 18.06.2018]"
 }
 @misc{ROSORG,
  author = {{Robot Operating System}},
  title = {Robot Operating System},
  howpublished = "\url{http://www.ros.org/}",
  note = "[Online; Zugriff am 21.06.2018]"
 }
 @misc{AUDI,
  author = {{AUDI}},
  title = {Audi Autonomous Driving Cup},
  howpublished = "\url{https://www.audi-autonomous-driving-cup.com/}",
  note = "[Online; Zugriff am 25.05.2018]"
 }

Beitrag in einer Zeitschrift
@article{MopOverview,
  author = {Patrick O'Neil Meredith and Dongyun Jin and Dennis Griffith and
    Feng Chen and Grigore Ro{\c{s}}u},
  title = {An {O}verview of the {MOP} {R}untime {V}erification {F}ramework},
  journal = {International Journal on Software Tools for Technology Transfer (STTT)},
  volume = {14},
  number = {3},
  year = {2012},
  pages = {249--289}
}

Beitrag in einem Sammlungsband
@incollection{moore,
  author = {Edward F. Moore},
  title = {Gedanken-{E}xperiments on {S}equential {M}achines},
  booktitle = {Automata Studies},
  editor = {Claude Shannon and John McCarthy},
  pages = {129--153},
  publisher = {Princeton University Press},
  year = {1956}
}

Buch
@book{scala,
  author = {Martin Odersky and Lex Spoon and Bill Venners},
  title = {Programming in {S}cala: {A} {C}omprehensive {S}tep-by-step {G}uide},
  year = {2008},
  edition = {1. Auflage},
  publisher = {Artima Incorporation}
}

Beitrag im Berichtsband einer Konferenz
@inproceedings{rltl,
  author = {Martin Leucker and C{\'e}sar S{\'a}nchez},
  title = {Regular {L}inear {T}emporal {L}ogic},
  booktitle = {Proceedings of the 4th International Colloquium on
    Theoretical Aspects of Computing (ICTAC)},
  pages = {291--305},
  year = 2007,
  editor = {C. B. Jones and Z. Liu and J. Woodcock},
  volume = 4711,
  publisher = {Springer},
  series = {Lecture Notes in Computer Science}
}

technischer Bericht
@techreport{bitkom,
  author = {Stephan Ziegler and Anne Müller},
  title = {Eingebettete {S}ysteme -- {E}in strategisches {W}achstumsfeld für {D}eutschland: {A}nwendungsbeispiele, {Z}ahlen und {T}rends},
  institution = {Bundesverband Informationswirtschaft, Telekommunikation und neue Medien e.V. (BITKOM)},
  year = {2010},
}

Dissertation
@phdthesis{Leucker02,
  author = {Martin Leucker},
  title = {Logics for {M}azurkiewicz {T}races},
  year = {2002},
  school = {RWTH Aachen},
  type = {Dissertation}
}

Abschlussarbeit
@mastersthesis{RltlConv,
  author = {Malte Schmitz},
  title = {Transformation von regulärer {L}inearzeit-{T}emporallogik zu {P}aritätsautomaten},
  year = {2012},
  school = {Universität zu Lübeck},
  type = {Bachelorarbeit}
}

(noch) nicht veröffentlichter Artikel
@unpublished{ptLTL,
  author = {Grigore Ro{\c{s}}u},
  note = {Vorlesung am Formal Systems Laboratory, Department of Computer Science at the University of Illinois at Urbana-Champaign},
  month = {Frühling},
  year = {2007},
  title = {{A} {M}onitor {S}ynthesis {A}lgorithm for {P}ast {LTL}}
}

Artikel auf einer Website
@misc{codecommit,
  author = {Daniel Spiewak},
  title = {The {M}agic {B}ehind {P}arser {C}ombinators},
  year = {2009},
  howpublished = "\url{http://www.codecommit.com/blog/scala/the-magic-behind-parser-combinators}",
  note = "[Online; Zugriff am 03.03.2014]"
}
